@misc {canspec,
	publisher = {Robert Bosch GmbH},
	title = {CAN Specification, Version 2.0},
	URL = {http://www.can.bosch.com/docu/can2spec.pdf}
}

@misc {canopen,
	publisher = {CAN in Automation},
	title = {CANopen},
	URL = {http://www.can-cia.de/canopen}
}

@misc {linuxdevices,
	title = {Linuxdevices},
	URL = {http://www.linuxdevices.com}
}

@misc {laeufer,
	title = {Projekt Läufer},
	URL = {http://www.projekt-laeufer.de}
}

@misc {cetron,
	title = {Cetron},
	URL = {http://www.cetron.de}
}

@misc{handhelds,
	title = {Handhelds.org},
	URL = {http://www.handhelds.org}
}

@misc {opie,
	title = {OPIE},
	URL = {http://opie.handhelds.org}
}
