@mastersthesis{Schlinge,
	author = {Schlingensiepen, Jörn},
	title = CAN,
	school = {Technische Universität Darmstadt},
	year = 2000,
	type = {Studienarbeit}
}

@article{ct0301,
	author = {Dr. Volker Zota},
	title = {Westentaschen-Pinguin Linux auf aktuellen PDAs},
	journal = {c't },
	year = 2001,
	pages = {136ff},
	month = 03,
	optvolume = 03
}

@misc{plinux,
	author = {Transvirtual Technologies},
	howpublished = {Online},
	note = {http://www.pocketlinux.org},
	key = Key
}

@article{artikel,
	author = {Anderl, Hessling, Reichenbach, Weimer},
	title = {Embedded Devices in der Produkt...},
	journal = {Forschung Aktuell},
	year = 2002,
	pages = {50ff}
}

@misc{flinux,
	author = {The Familiar Project},
	howpublished = {Online},
	note = {http://familliar.handhelds.org},
	key = Key
}

@misc{mwtt,
    author = {Trolltech},
    howpublished = {Online},
	note = {http://www.trolltech.com},
	key = Key
}
